@article{bauer2015,
  title={The offshore wind farm array cable layout problem: a planar open vehicle routing problem},
  author={Joanna Bauer and Jens Lysgaard},
  journal={Journal of the Operational Research Society},
  year={2015},
  volume={66},
  pages={360-368}
}

@unknown{cazzaro2019,
  title = {Heuristic Algorithms for the Wind Farm Cable Routing Problem},
  author = {Davide Cazzaro and Martina Fischetti and Matteo Fischetti},
  pages = {},
  year = {2019}
}

@article{fischetti2017,
  title = {Optimizing wind farm cable routing considering power losses},
  author = {Martina Fischetti and David Pisinger},
  journal = {European Journal of Operational Research},
  volume = {270},
  number = {3},
  pages = {917--930},
  year = {2018}
}

@article{fantidis2012,
  author = {Fantidis, J and Mantzari, V and Kalkani, E and Bandekas, D.V. and Vordos, N.},
  year = {2012},
  month = {11},
  volume = {2},
  number = {4},
  pages = {376--385},
  title = {A hybrid wind and hydroelectric power production system in Plaka, Alexandroupolis, Greece},
  journal = {International Journal of Computational Engineering Science}
}

@article{gonzalez2014,
  title = {A review and recent developments in the optimal wind-turbine micro-siting problem},
  author = {Javier Serrano GONZÁLEZ and Manuel Burgos PAYÁN and JESÚS Manuel Riquelme Santos and Francisco GONZÁLEZ Longatt},
  journal = {Renewable and Sustainable Energy Reviews},
  volume = {30},
  pages = {133--144},
  year = {2014}
}

@article{sadekin2019,
  title = {Nuclear power as foundation of a clean energy future: A review},
  author = {Sirazam Sadekina and Sayma Zamana and Mahjabin Mahfuza and Rashid Sarkar},
  journal = {Energy Procedia},
  volume = {160},
  pages = {513--518},
  year = 2019,
  month = {2}
}

@article{saidur2011,
  title = {Environmental impact of wind energy},
  author = {R. Saidur and N. A. Rahim and M. R. Islam and K. H. Solangi},
  journal = {Renewable and Sustainable Energy Reviews},
  volume = {15},
  pages = {2423--2430},
  year = {2011}
}

@techreport{eia2020,
  author = {EIA},
  title = {Cost and Performance Characteristics of New Generating Technologies},
  institution = {U.S. Energy Information Administration},
  year = 2020
}

@techreport{nirs2011,
  author = {NIRS},
  title = {Nuclear Energy is Dirty Energy},
  institution = {Nuclear Information \& Resource Service},
  year = 2011
}

@online{folk2018,
  author = {Emily Folk},
  title = {Hydroelectric vs. wind power: What offshore energy should we invest in?},
  year = 2018,
  url = {https://conservationfolks.com/hydroelectric-vs-wind-power-what-offshore-energy-should-we-invest-in/},
  urldate = {2020-04-13}
}

@online{greenpeace2017,
  author = {Greenpeace},
  title = {Nuclear Energy},
  year = 2017,
  url = {https://www.greenpeace.org/usa/global-warming/issues/nuclear/},
  urldate = {2020-04-14}
}

@online{iea-consumo2017,
  author = {IEA},
  title = {Electricity Information 2019},
  year = 2019,
  url = {https://www.iea.org/reports/electricity-information-2019},
  urldate = {2020-04-11}
}

@online{iea2000-2040,
  author = {IEA},
  title = {Global electricity demand by region in the Stated Policies Scenario, 2000-2040},
  year = 2019,
  url = {https://www.iea.org/data-and-statistics/charts/global-electricity-demand-by-region-in-the-stated-policies-scenario-2000-2040},
  urldate = {2020-04-11}
}

@online{kisorca,
  author = {Kis-orca},
  title = {The Kinglisher Information Service -- Offshore Renewable \& Cables Awareness},
  year = 2019,
  url = {https://kis-orca.eu/},
  urldate = {2020-04-06}
}

@online{koontz2015,
  author = {Robin Koontz},
  title = {What’s Good and What’s Bad about Hydropower?},
  year = 2015,
  url = {https://www.kidsdiscover.com/teacherresources/whats-good-and-whats-bad-about-hydropower/},
  urldate = {2020-04-13}
}

@online{rone2018,
  author = {{Robin Office of Nuclear Energy}},
  title = {Nuclear Power is the Most Reliable Energy Source and It's Not Even Close},
  year = 2018,
  url = {https://www.energy.gov/ne/articles/nuclear-power-most-reliable-energy-source-and-its-not-even-close},
  urldate = {2020-04-13}
}

@online{wwea,
  author = {WWEA},
  title = {Wind Power Capacity Worldwide Reaches 597 GW\, 50\,1 GW added in 2018},
  year = 2019,
  url = {https://wwindea.org/blog/2019/02/25/wind-power-capacity-worldwide-reaches-600-gw-539-gw-added-in-2018/},
  urldate = {2020-04-11}
}
